<record><leader>00000cas a2200000 a 4500</leader><controlfield tag="001">11524801</controlfield><controlfield tag="008">841222d18261uuuvtuwr ne      0    0eng c</controlfield><datafield ind1=" " ind2=" " tag="010"><subfield code="a">sn 84027761 </subfield></datafield><datafield ind1=" " ind2=" " tag="040"><subfield code="a">NPU</subfield><subfield code="b">eng</subfield><subfield code="c">NPU</subfield><subfield code="d">DLC</subfield><subfield code="d">YOX</subfield><subfield code="d">NVF</subfield><subfield code="d">MGN</subfield><subfield code="d">CNK</subfield><subfield code="d">NVK</subfield><subfield code="d">NVN</subfield><subfield code="d">NVF</subfield><subfield code="d">OCL</subfield><subfield code="d">NYS</subfield><subfield code="d">NVN</subfield><subfield code="d">DLC</subfield><subfield code="d">KRTAS</subfield><subfield code="d">CUI</subfield><subfield code="d">OCLCQ</subfield><subfield code="d">OCLCA</subfield><subfield code="d">OCLCF</subfield></datafield><datafield ind1="1" ind2=" " tag="029"><subfield code="a">AU@</subfield><subfield code="b">000042050899</subfield></datafield><datafield ind1=" " ind2=" " tag="042"><subfield code="a">pcc</subfield></datafield><datafield ind1=" " ind2=" " tag="043"><subfield code="a">n-us-vt</subfield></datafield><datafield ind1="0" ind2="0" tag="050"><subfield code="a">Newspaper</subfield></datafield><datafield ind1=" " ind2="4" tag="050"><subfield code="a">AN</subfield></datafield><datafield ind1="0" ind2="0" tag="245"><subfield code="a">Vermont chronicle.</subfield></datafield><datafield ind1=" " ind2=" " tag="260"><subfield code="a">Bellows Falls, Vt. :</subfield><subfield code="b">E.C. Tracy,</subfield><subfield code="c">1826-</subfield></datafield><datafield ind1=" " ind2=" " tag="300"><subfield code="a">v. ;</subfield><subfield code="c">64 cm.</subfield></datafield><datafield ind1=" " ind2=" " tag="310"><subfield code="a">Weekly</subfield></datafield><datafield ind1="0" ind2=" " tag="362"><subfield code="a">Vol. 1, no. 1 (Apr. 14, 1826)-</subfield></datafield><datafield ind1=" " ind2=" " tag="500"><subfield code="a">Publisher varies: John C. Allen, Oct. 10, 1828-Jun. 24, 1831; Richards &amp; Tracy, Jul. 1, 1831-1835; Bishop &amp; Tracy, &lt;1850&gt;, &lt;1853&gt;; L.J. McIndoe, &lt;1873&gt;.</subfield></datafield><datafield ind1=" " ind2=" " tag="500"><subfield code="a">Editors: E.C. Tracy, &lt;1827&gt;-Nov. 14, 1828; Joseph Tracy, Jr., Nov. 21, 1828-Jun. 24, 1831; Joseph Tracy &amp; John Richards, Jul, 1, 1831-May 16, 1834; E.C. Tracy &amp; John Richards, May 23, 1834-1835; Bishop &amp; Tracy, &lt;1850&gt;, &lt;1853&gt;; Rev. Franklin Butler, &lt;1873&gt;.</subfield></datafield><datafield ind1=" " ind2=" " tag="500"><subfield code="a">Published in Bellows Falls, Vt., Apr. 14, 1826-Oct. 3, 1828; Windsor, Vt., Oct. 10, 1828-Dec. 26, 1874; Montpelier, Vt., Jan. 2, 1875-Aug. 2, 1895; St. Johnsbury, Vt., Aug. 8, 1895-&lt;Apr. 29, 1898&gt;.</subfield></datafield><datafield ind1=" " ind2=" " tag="530"><subfield code="a">Also issued on microfilm from the Library of Congress, Photoduplication Service.</subfield></datafield><datafield ind1=" " ind2="0" tag="651"><subfield code="a">Saint Johnsbury (Vt.)</subfield><subfield code="v">Newspapers.</subfield></datafield><datafield ind1=" " ind2="0" tag="651"><subfield code="a">Bellows Falls (Vt.)</subfield><subfield code="v">Newspapers.</subfield></datafield><datafield ind1=" " ind2="0" tag="651"><subfield code="a">Windsor (Vt.)</subfield><subfield code="v">Newspapers.</subfield></datafield><datafield ind1=" " ind2="0" tag="651"><subfield code="a">Montpelier (Vt.)</subfield><subfield code="v">Newspapers.</subfield></datafield><datafield ind1=" " ind2="0" tag="651"><subfield code="a">Caledonia County (Vt.)</subfield><subfield code="v">Newspapers.</subfield></datafield><datafield ind1=" " ind2="0" tag="651"><subfield code="a">Washington County (Vt.)</subfield><subfield code="v">Newspapers.</subfield></datafield><datafield ind1=" " ind2="0" tag="651"><subfield code="a">Windham County (Vt.)</subfield><subfield code="v">Newspapers.</subfield></datafield><datafield ind1=" " ind2="0" tag="651"><subfield code="a">Windsor County (Vt.)</subfield><subfield code="v">Newspapers.</subfield></datafield><datafield ind1=" " ind2="0" tag="651"><subfield code="a">Vermont</subfield><subfield code="v">Newspapers.</subfield></datafield><datafield ind1=" " ind2="7" tag="655"><subfield code="a">Newspapers.</subfield><subfield code="2">fast</subfield><subfield code="0">(OCoLC)fst01423814</subfield></datafield><datafield ind1=" " ind2="7" tag="651"><subfield code="a">Vermont.</subfield><subfield code="2">fast</subfield><subfield code="0">(OCoLC)fst01204305</subfield></datafield><datafield ind1=" " ind2="7" tag="651"><subfield code="a">Vermont</subfield><subfield code="z">Bellows Falls.</subfield><subfield code="2">fast</subfield><subfield code="0">(OCoLC)fst01222430</subfield></datafield><datafield ind1=" " ind2="7" tag="651"><subfield code="a">Vermont</subfield><subfield code="z">Caledonia County.</subfield><subfield code="2">fast</subfield><subfield code="0">(OCoLC)fst01228924</subfield></datafield><datafield ind1=" " ind2="7" tag="651"><subfield code="a">Vermont</subfield><subfield code="z">Montpelier.</subfield><subfield code="2">fast</subfield><subfield code="0">(OCoLC)fst01208013</subfield></datafield><datafield ind1=" " ind2="7" tag="651"><subfield code="a">Vermont</subfield><subfield code="z">Saint Johnsbury.</subfield><subfield code="2">fast</subfield><subfield code="0">(OCoLC)fst01226818</subfield></datafield><datafield ind1=" " ind2="7" tag="651"><subfield code="a">Vermont</subfield><subfield code="z">Washington County.</subfield><subfield code="2">fast</subfield><subfield code="0">(OCoLC)fst01221123</subfield></datafield><datafield ind1=" " ind2="7" tag="651"><subfield code="a">Vermont</subfield><subfield code="z">Windham County.</subfield><subfield code="2">fast</subfield><subfield code="0">(OCoLC)fst01225039</subfield></datafield><datafield ind1=" " ind2="7" tag="651"><subfield code="a">Vermont</subfield><subfield code="z">Windsor.</subfield><subfield code="2">fast</subfield><subfield code="0">(OCoLC)fst01214456</subfield></datafield><datafield ind1=" " ind2="7" tag="651"><subfield code="a">Vermont</subfield><subfield code="z">Windsor County.</subfield><subfield code="2">fast</subfield><subfield code="0">(OCoLC)fst01215300</subfield></datafield><datafield ind1=" " ind2=" " tag="752"><subfield code="a">United States</subfield><subfield code="b">Vermont</subfield><subfield code="c">Caledonia</subfield><subfield code="d">Saint Johnsbury.</subfield></datafield><datafield ind1=" " ind2=" " tag="752"><subfield code="a">United States</subfield><subfield code="b">Vermont</subfield><subfield code="c">Windham</subfield><subfield code="d">Bellows Falls.</subfield></datafield><datafield ind1=" " ind2=" " tag="752"><subfield code="a">United States</subfield><subfield code="b">Vermont</subfield><subfield code="c">Windsor</subfield><subfield code="d">Windsor.</subfield></datafield><datafield ind1=" " ind2=" " tag="752"><subfield code="a">United States</subfield><subfield code="b">Vermont</subfield><subfield code="c">Washington</subfield><subfield code="d">Montpelier.</subfield></datafield><datafield ind1="0" ind2="8" tag="776"><subfield code="i">Online version:</subfield><subfield code="t">Vermont chronicle (Online)</subfield><subfield code="w">(OCoLC)192107549</subfield></datafield><datafield ind1=" " ind2=" " tag="936"><subfield code="a">Vol. 37, no. 47 (Nov. 25, 1862)</subfield></datafield><datafield ind1=" " ind2=" " tag="938"><subfield code="a">Kirtas Technologies, Inc.</subfield><subfield code="b">KRTS</subfield><subfield code="n">738943</subfield></datafield></record>